@misc{graff1975wave,
  title={Wave Motion in Elastic Solids Clarendon},
  author={Graff, KF},
  year={1975},
  publisher={Oxford}
}
@misc{ewing1986ws,
  title={WS Jardetzky and F. Press, 1957. Elastic Waves in Layered Media},
  author={Ewing, WM},
  year={1986},
  publisher={McGraw-Hill Book Co., New York}
}
@article{yim1995formulation,
  title={Formulation and its energy balance verification for ultrasonic non-destructive characterization of a single fibre composite interphase},
  author={Yim, Hyunjune and Williams Jr, James H},
  journal={Ultrasonics},
  volume={33},
  number={5},
  pages={377--387},
  year={1995},
  publisher={Elsevier}
}
@article{adler1990pc,
  title={PC software for SAW propagation in anisotropic multilayers},
  author={Adler, Eric L and Slaboszewicz, Jacek K and Farnell, Gerald W and Jen, C Kuei},
  journal={IEEE transactions on ultrasonics, ferroelectrics, and frequency control},
  volume={37},
  number={3},
  pages={215--223},
  year={1990},
  publisher={IEEE}
}
@article{maugin1983elastic,
  title={Elastic surface waves with transverse horizontal polarization},
  author={Maugin, G{\'e}rard A},
  journal={Advances in Applied Mechanics},
  volume={23},
  pages={373--434},
  year={1983},
  publisher={Elsevier}
}
@article{teymur1988nonlinear,
  title={Nonlinear modulation of Love waves in a compressible hyperelastic layered half space},
  author={Teymur, M},
  journal={International journal of engineering science},
  volume={26},
  number={9},
  pages={907--927},
  year={1988},
  publisher={Elsevier}
}
@article{teymur1996small,
  title={Small but finite amplitude waves in a two-layered incompressible elastic medium},
  author={Teymur, M},
  journal={International journal of engineering science},
  volume={34},
  number={2},
  pages={227--241},
  year={1996},
  publisher={Elsevier}
}
@incollection{teymur2006propagation,
  title={Propagation of long extensional nonlinear waves in a hyper-elastic layer},
  author={Teym{\"u}r, Mevl{\"u}t},
  booktitle={Vibration Problems ICOVP 2005},
  pages={481--486},
  year={2006},
  publisher={Springer}
}
@article{maugin1991solitary,
  title={Solitary surface transverse waves on an elastic substrate coated with a thin film},
  author={Maugin, GA and Hadouaj, H},
  journal={Physical Review B},
  volume={44},
  number={3},
  pages={1266},
  year={1991},
  publisher={APS}
}
@article{mayer1995surface,
  title={Surface acoustic waves in nonlinear elastic media},
  author={Mayer, Andreas P},
  journal={Physics Reports},
  volume={256},
  number={4-5},
  pages={237--366},
  year={1995},
  publisher={Elsevier}
}
@article{fu1994propagation,
  title={On the propagation of nonlinear travelling waves in an incompressible elastic plate},
  author={Fu, Yibin},
  journal={Wave Motion},
  volume={19},
  number={3},
  pages={271--292},
  year={1994},
  publisher={Elsevier}
}
@article{porubov1995long,
  title={Long non-linear strain waves in layered elastic half-space},
  author={Porubov, Alexey V and Samsonov, Alexander M},
  journal={International journal of non-linear mechanics},
  volume={30},
  number={6},
  pages={861--877},
  year={1995},
  publisher={Elsevier}
}
@article{ferreira2008large,
  title={Large-amplitude Love waves},
  author={Ferreira, E Rodrigues and Boulanger, Ph and Destrade, Michel},
  journal={Quarterly Journal of Mechanics and Applied Mathematics},
  volume={61},
  number={3},
  pages={353--371},
  year={2008},
  publisher={OUP}
}
@article{pucci2013secondary,
  title={Secondary motions associated with anti-plane shear in nonlinear isotropic elasticity},
  author={Pucci, E and Saccomandi, G},
  journal={The Quarterly Journal of Mechanics and Applied Mathematics},
  volume={66},
  number={2},
  pages={221--239},
  year={2013},
  publisher={Oxford University Press}
}
@article{ahmetolan2003non,
  title={Non-linear modulation of SH waves in a two-layered plate and formation of surface SH waves},
  author={Ahmetolan, S and Teymur, M},
  journal={International journal of non-linear mechanics},
  volume={38},
  number={8},
  pages={1237--1250},
  year={2003},
  publisher={Elsevier}
}
@article{ahmetolan2007nonlinear,
  title={Nonlinear modulation of SH waves in an incompressible hyperelastic plate},
  author={Ahmetolan, Semra and Teymur, Mevlut},
  journal={Zeitschrift f{\"u}r angewandte Mathematik und Physik},
  volume={58},
  number={3},
  pages={457--474},
  year={2007},
  publisher={Springer}
}
@article{destrade2011scalar,
  title={Scalar evolution equations for shear waves in incompressible solids: a simple derivation of the Z, ZK, KZK and KP equations},
  author={Destrade, Michel and Goriely, Alain and Saccomandi, Giuseppe},
  journal={Proceedings of the Royal Society A: Mathematical, Physical and Engineering Sciences},
  volume={467},
  number={2131},
  pages={1823--1834},
  year={2011},
  publisher={The Royal Society Publishing}
}
@article{teymur2014propagation,
  title={Propagation of surface SH waves on a half space covered by a nonlinear thin layer},
  author={Teymur, Mevlut and Demirci, Ali and Ahmetolan, Semra},
  journal={International Journal of Engineering Science},
  volume={85},
  pages={150--162},
  year={2014},
  publisher={Elsevier}
}
@article{demirkus2017shear,
  title={Shear horizontal waves in a nonlinear elastic layer overlying a rigid substratum},
  author={Demirkus, Dilek and Teymur, Mevlut},
  journal={Hacettepe Journal of Mathematics and Statistics},
  volume={46},
  number={5},
  pages={801--815},
  year={2017}
}
@article{hudson1962love,
  title={Love waves in a heterogeneous medium},
  author={Hudson, JA},
  journal={Geophysical Journal International},
  volume={6},
  number={2},
  pages={131--147},
  year={1962},
  publisher={Blackwell Publishing Ltd Oxford, UK}
}
@article{avtar1967love,
  title={Love waves in a two-layered crust overlying a vertically inhomogeneous halfspace I},
  author={Avtar, P},
  journal={pure and applied geophysics},
  volume={66},
  number={1},
  pages={48--68},
  year={1967},
  publisher={Springer}
}
















































